
Broy M (2002) Software engineering -- From auxiliary to key technologies. In: Broy M, Denert E (eds) Software Pioneers. Springer, Berlin Heidelberg New York


DFO. 2012. Conservation Priorities, Objectives, and Ecosystem Assessment Approach for the St Anns Bank Area of Interest (AOI). DFO Can. Sci. Advis. Sec. Sci. Advis. Rep. 2012/034.

DFO. 2013. Review and Assessment of the Baseline Data for the Musquash Estuary Marine Protected Area Monitoring Indicators. DFO Can. Sci. Advis. Sec. Sci. Advis. Rep. 2013/073.

DFO. 2015. BioChem: database of biological and chemical oceanographic data. Department of Fisheries and Oceans, Canada. http://www.meds-sdmm.dfo-mpo.gc.ca/BioChem/biochem-eng.htm

Devine, L., M.K. Kennedy, I. St-Pierre, C. Lafleur, M. Ouellet, and S. Bond. 2014. BioChem: the Fisheries and Oceans Canada database for biological and chemical data. Can. Tech. Rep. Fish. Aquat. Sci. 3073: iv + 40 pp. http://www.dfo-mpo.gc.ca/Library/351319.pdf

Green, R.H. 1979. Sampling design and statistical methods for environmental biologists. Wiley Interscience, Chichester, England.
% Journal

Mitchell, M. R., G. Harrison, K. Pauley, A. Gagn\'{e}, G. Maillet, and P. Strain. (2002)  Atlantic Zone Monitoring Program Sampling Protocol. Canadian Technical Report of Hydrography and Ocean Sciences 223.  

Quality control of bottle data (IML), Oceanographic Data management System (ODMS), \url{http://slgo.ca/app-sgdo/en/docs_reference/botl_odf_quality.html}

Unesco. 1990. GTSPP real-time quality control manual. Intergovernmental Oceanographic Commission, Manuals and Guides no. 22.

MODIS/Aqua Ocean Colour Dataset, Remote Sensing Unit, Bedford Institute of Oceanography RSU-BIO, Technical Document 5, Fisheries and Ocean Canada, 2015 Carla

Caverhill, Heidi Maass, Cathy Porter, George White and C\'{e}sar Fuentes-Yaco, in preparation

AVHRR Sea Surface Temperature (SST) Dataset Remote Sensing Unit, Bedford Institute of Oceanography RSU-BIO Technical Document No. 1, Fisheries and Ocean Canada, 2015 Carla Caverhill, Heidi Maass, Cathy Porter, George White and C\'{e}sar Fuentes-Yaco, in preparation

Primary Production Datasets, Remote Sensing Unit, Bedford Institute of Oceanography RSU-BIO, Technical Document No 2, Fisheries and Ocean Canada, 2015 Carla Caverhill, George White, Cathy Porter, Heidi Maass and C\'{e}sarFuentes-Yaco, in preparation

@article{hurlbert1984,
    author    = "Hurlbert, S. H.",
    title     = "Pseudoreplication and the design of ecological field experiments",
    journal   = "Ecological Monographs",
    volume   = "54",
    pages    = "187-211",
    year      = "1984",
}

@article{underwood1992,
    author    = "Underwood, A. J.",
    title     = "Beyond BACI: the detection of environmental impacts on populations in the real, but variable world",
    journal   = "J. Exp. Mar. Biol. Ecol",
    volume   = "161",
    pages    = "145-178",
    year      = "1992",
}

@article{platt2008,
    author    = "Platt T. and Sathyendranath S. and Forget M.H. and White G. and Caverhill C. and Bouman H. and Devred E. and Son S.",
    title     = "Operational estimation of primary production at large geographical scales",
    journal   = "Remote Sensing of Environment",
    volume   = "112",
    pages    = "3437,3448",
    year      = "2008,
}

@Manual{rRaster,
  title = {raster: Geographic analysis and modeling with raster data},
  author = {Robert J. Hijmans & Jacob van Etten},
  year = {2012},
  note = {R package version 2.0-12},
  url = {http://CRAN.R-project.org/package=raster},
}

@Manual{rCran,
  title = {R: A Language and Environment for Statistical Computing},
  author = {{R Core Team}},
  organization = {R Foundation for Statistical Computing},
  address = {Vienna, Austria},
  year = {2015},
  url = {https://www.R-project.org/},
}


@techreport{conkright2001,
    author    = "Conkright, M.E. and J.I. Antonov and O. Baranova and T.P. Boyer and H.E. Garcia and R. Gelfeld and D. Johnson and R.A. Locarnini and P.P. Murphy and T.D. O'Brien and I. Smolyar and C. Stephens",
    title     = "World Ocean Database 2001, Volume 1: Introduction",
    institution = "U.S. Government Printing Office, Washington., D.C.",
    %type     = "", 
    number   = "NOAA Atlas NESDIS 42",
    %address  = "",
    year      = "2002",
    %month    = "",
    %note     = "167 p",
}


@techreport{Xtreport,
    author    = "",
    title     = "",
    institution = "",
    %type     = "", 
    %number   = "",
    %address  = "",
    year      = "XXXX",
    %month    = "",
    %note     = "",
}


@techreport{Xtreport,
    author    = "",
    title     = "",
    institution = "",
    %type     = "", 
    %number   = "",
    %address  = "",
    year      = "XXXX",
    %month    = "",
    %note     = "",
}



@book{Xbook,
    author    = "",
    title     = "",
    publisher = "",
    %volume   = "",
    %number   = "",
    %series   = "",
    %address  = "",
    %edition  = "",
    year      = "XXXX",
    %month    = "",
    %note     = "",
}
